@online{ref:01,
    title = {{Acorn-RiscPC-System-Organisation}},
    author = {Peter Howkins},
    year = {2013},
    month = {February},
    language = {english},
    organization = {Wikimedia},
    url = {https://commons.wikimedia.org/wiki/File:Acorn-RiscPC-System-Organisation.svg}
}
